@book {Fahrmeir2016Statistik,
author = {Fahrmeir, Ludwig},
title = {Statistik: Der Weg zur Datenanalyse},
editor = {Heumann, Christian and Künstler, Rita and Pigeot, Iris and Tutz, Gerhard},
series = {Springer-Lehrbuch : SpringerLink : Bücher},
address = {Berlin, Heidelberg},
publisher = {Springer Spektrum},
year = {2016},
pages = {Online-Ressource (XVI, 581 Seiten  162 Abb, online resource)},
edition = {8. Aufl. 2016},
ISBN = {978-3-662-50372-0},
ISBN = {978-3-662-50371-3 (Druck-Ausgabe)},
language = {Deutsch},
keywords = {Statistik. Lehrbuch. Economic theory. Statistics},
type = {Lehrbuch},
type = {Text (nur für elektronische Ressourcen)},
URL = {http://dx.doi.org/10.1007/978-3-662-50372-0},
}
@book {Krengel2005Einfuhrungin,
author = {Krengel, Ulrich},
title = {Einführung in die Wahrscheinlichkeitstheorie und Statistik},
series = {Vieweg Studium, Aufbaukurs Mathematik : SpringerLink : Bücher},
address = {Wiesbaden},
publisher = {Vieweg+Teubner Verlag},
year = {2005},
pages = {Online-Ressource (X, 258 S, online resource)},
edition = {8., erweiterte Auflage},
ISBN = {978-366-30988-5-0},
ISBN = {3-8348-0063-5 (Druck-Ausgabe)},
language = {Deutsch},
keywords = {Distribution (Probability theory). Mathematics},
type = {Text (nur für elektronische Ressourcen)},
URL = {http://dx.doi.org/10.1007/978-3-663-09885-0},
URL = {http://dx.doi.org/10.1007/978-3-663-09885-0},
}
@book {Henze2013Stochastikfur,
author = {Henze, Norbert*1951-},
title = {Stochastik für Einsteiger: Eine Einführung in die faszinierende Welt des Zufalls},
series = {SpringerLink : Bücher},
address = {Wiesbaden},
publisher = {Springer Spektrum},
year = {2013},
pages = {Online-Ressource (X, 402  Seiten  103 Abb., 85 Abb. in Farbe, online resource)},
edition = {10., überarb. Aufl. 2013},
ISBN = {978-365-80307-7-3},
ISBN = {978-3-658-03076-6 (Druck-Ausgabe)},
language = {Deutsch},
keywords = {Distribution (Probability theory). Mathematics. Stochastik. Lehrbuch},
type = {Text (nur für elektronische Ressourcen)},
URL = {http://dx.doi.org/10.1007/978-3-658-03077-3},
URL = {http://swbplus.bsz-bw.de/bsz393378497cov.htm},
URL = {http://dx.doi.org/10.1007/978-3-658-03077-3},
}
